ISA*00*          *00*          *30*582574363      *30*621700130      *240401*0911*^*00501*000243251*0*P*:~GS*HP*1066033492*611340767*20240401*0911*243251*X*005010X221A1~ST*835*0001~BPR*I*181.59*C*ACH*CCP*01*011900445*DA*0000009146*1066033492**01*064207195*DA*220004726869*20240404~TRN*1*882409001031288*1066033492~REF*EV*611340767~DTM*405*20240401~N1*PR*AETNA~N3*151 FARMINGTON AVENUE~N4*HARTFORD*CT*06156~PER*BL*PROVIDER SERVICE~N1*PE*DUMMY PC*XX*1669563409~N3*120 HOSPITAL DR STE 120~N4*DUMMY CITY*TN*37760~REF*PQ*185337050~REF*TJ*621700130~LX*1~TS3*1336521079*11*20241231*1*650~CLP*000109486056*1*650*18.68*170*12*EX3699GS00001*11*1~NM1*QC*1*DUMMYLN*DUMMYFN*C***MI*101959626900~NM1*82*1*DUMMY1*DUMMY2****XX*1336521079~REF*1L*100226-01EG0002~REF*CE*ESA - MEDICARE (AETNA)~DTM*232*20240319~DTM*233*20240319~DTM*050*20240327~PER*CX**TE*8886323862~AMT*AU*650~SVC*HC:99204:25*469*0**1~DTM*472*20240319~CAS*CO*45*338.64~CAS*PR*1*130.36~REF*6R*CP6M6LIFA0G3~AMT*B6*130.36~LQ*HE*N669~SVC*HC:20610:LT*181*18.68**1~DTM*472*20240319~CAS*CO*253*.38**45*122.3~CAS*PR*1*19.64**3*20~REF*6R*CP6MQ4ISDBVZ~AMT*B6*58.7~LQ*HE*N669~LX*2~TS3*1801024229*11*20241231*2*332~CLP*000109498503*1*254*71.89*10.01*12*EYFDBB2JF0001*11*1~NM1*QC*1*DUMMY*DUMMY*J***MI*101312829400~NM1*82*1*DUMMY*DUMMY*BR***XX*1801024229~REF*1L*100387-01EG0001~REF*CE*ESA - MEDICARE (AETNA)~DTM*232*20240325~DTM*233*20240325~DTM*050*20240329~PER*CX**TE*8886323862~AMT*AU*254~SVC*HC:99213:24*254*71.89**1~DTM*472*20240325~CAS*CO*253*1.47**45*170.63~CAS*PR*3*10.01~REF*6R*CP66SPLHSIWU~AMT*B6*83.37~LQ*HE*N669~CLP*000109498503*1*78*0*24.99*12*EYFDBB2KB0000*11*1~NM1*QC*1*ADAMS*JOHN*J***MI*101312829400~NM1*82*1*DUMMY*DUMMY*BR***XX*1801024229~REF*1L*100387-01EG0001~REF*CE*ESA - MEDICARE (AETNA)~DTM*232*20240325~DTM*233*20240325~DTM*050*20240329~PER*CX**TE*8886323862~AMT*AU*78~SVC*HC:72170*78*0**1~DTM*472*20240325~CAS*CO*45*53.01~CAS*PR*3*24.99~REF*6R*CP66273YOL3Q~AMT*B6*24.99~LQ*HE*N669~LX*3~TS3*1689832735*11*20241231*1*360~CLP*000109489190*1*360*91.02*25*12*EYPDBB2HW0000*11*1~NM1*QC*1*DUMMY*PHDUMMY*F***MI*101214062100~NM1*82*1*DUMMY*DUMMY*W.***XX*1689832735~REF*1L*100111-02EG0002~REF*CE*ESA - MEDICARE MA (AETNA)~DTM*232*20240320~DTM*233*20240320~DTM*050*20240329~PER*CX**TE*8886323862~AMT*AU*360~SVC*HC:99214*360*91.02**1~DTM*472*20240320~CAS*CO*253*1.86**45*242.12~CAS*PR*3*25~REF*6R*CP6649V6QW60~AMT*B6*117.88~LQ*HE*N669~SE*96*0001~GE*1*243251~IEA*1*000243251~