ISA*00*          *00*          *30*582574363      *30*621700130      *240401*0911*^*00501*000243252*0*P*:~GS*HP*1066033492*611340767*20240401*0911*243252*X*005010X221A1~ST*835*0001~BPR*I*195.18*C*ACH*CCP*01*011900445*DA*0000009146*1066033492**01*064207195*DA*220004726869*20240404~TRN*1*882409001037723*1066033492~REF*EV*611340767~DTM*405*20240401~N1*PR*AETNA~N3*151 FARMINGTON AVENUE~N4*HARTFORD*CT*06156~PER*BL*PROVIDER SERVICE~N1*PE*DUMMY PC*XX*1053402040~N3*PO BOX 23333~N4*KNOXVILLE*TN*37933~REF*PQ*185337050~REF*TJ*621700130~LX*1~TS3*1063904324*11*20241231*1*384~CLP*000109490685*1*384*86.56*25*12*EQ37CZT1M0001*11*1~NM1*QC*1*DUMMYLN*DUMMYFN*T***MI*101338322100~NM1*82*1*DUMMY*DUMMY*M.***XX*1063904324~REF*1L*100529-01EG0001~REF*CE*ESA - MEDICARE (AETNA)~DTM*232*20240320~DTM*233*20240320~DTM*050*20240329~PER*CX**TE*8886323862~AMT*AU*384~SVC*HC:99213*254*44.94**1~DTM*472*20240320~CAS*CO*253*.92**45*183.14~CAS*PR*3*25~REF*6R*CP66SZZ7U6D9~AMT*B6*70.86~LQ*HE*N669~SVC*HC:73502:RT*130*41.62**1~DTM*472*20240320~CAS*CO*253*.85**45*87.53~REF*6R*CP66IFUQ55N5~AMT*B6*42.47~LQ*HE*N669~LX*2~TS3*1932178514*11*20241231*2*384~CLP*000109485545*1*254*81.7**12*EQADC24J50000*11*1~NM1*QC*1*DUMMY*DUMMY****MI*101301378900~NM1*82*1*DUMMY*DUMMY*C.***XX*1932178514~REF*1L*100405-01EG0002~REF*CE*ESA - MEDICARE (AETNA)~DTM*232*20240319~DTM*233*20240319~DTM*050*20240329~PER*CX**TE*8886323862~AMT*AU*254~SVC*HC:99213*254*81.7**1~DTM*472*20240319~CAS*CO*253*1.67**45*170.63~REF*6R*CP668PAB9KDJ~AMT*B6*83.37~LQ*HE*N669~CLP*000109485545*1*130*26.92*15*12*EQTYC2HJ90000*11*1~NM1*QC*1*DUMMY*DUMMY****MI*101301378900~NM1*82*1*DUMMY*DUMMY*C.***XX*1932178514~REF*1L*100405-01EG0002~REF*CE*ESA - MEDICARE (AETNA)~DTM*232*20240319~DTM*233*20240319~DTM*050*20240329~PER*CX**TE*8886323862~AMT*AU*130~SVC*HC:73502:RT*130*26.92**1~DTM*472*20240319~CAS*CO*253*.55**45*87.53~CAS*PR*3*15~REF*6R*CP660ELS9PQ8~AMT*B6*42.47~LQ*HE*N669~SE*75*0001~GE*1*243252~IEA*1*000243252~