ISA*00*          *00*          *30*582574363      *30*621700130      *240423*0738*^*00501*000246037*1*P*:~GS*HP*1000002884*24427*20240423*0738*246037*X*005010X221A1~ST*835*0001~BPR*I*25*C*ACH*CCP*01*021000021*DA*0966387331*1391268299*WPSTDEFIC*01*064207195*DA*0220004726869*20240424~TRN*1*2504025768*1000002884*WPSTDEFIC~REF*EV*24427~DTM*405*20240419~N1*PR*TRICARE TDEFIC~N3*PO BOX 7889~N4*DUMMY*WI*53707~PER*BL*EDI HELPDESK*TE*8007822680~PER*IC**UR*WWW.TRICARE4U.COM~N1*PE*TEST PC*XX*1366533127~N3*260 FORT SANDERS WEST BLVD~N4*KNOXVILLE*TN*37922~LX*1~CLP*000109384910*2*102*25**CH*20240853108080*11~NM1*QC*1*TESTLASTNAME*TESTFIRSTNAME*Z***MI*177424615~NM1*IL*1*TESTLASTNAME*TESTFIRSTNAME*Z**II*MI*177424615~DTM*050*20240325~PER*CX*WPS - TRICARE FOR LIFE*TE*8667730404~SVC*HC:73610:RT*102*25**1~DTM*472*20240201~CAS*OA*23*77~REF*HPI*1083350516~AMT*B6*32.47~LQ*HE*N23~SE*26*0001~GE*1*246037~IEA*1*000246037~