ISA*00*          *00*          *30*582574363      *30*000000000      *240424*1652*^*00501*000039493*0*P*:~GS*HP*1000001556*GATE0037*20240424*1652*39493*X*005010X221A1~ST*835*0001~BPR*H*0*C*NON************20240426~TRN*1*CC20518091483884109845141*1000001556*0000UMR01~REF*EV*841162789~DTM*405*20240418~N1*PR*UMR~N3*PO BOX 30541~N4*SALT LAKE CITY*UT*841300541~REF*2U*UMR01~PER*CX*UMR EDI TEAM*TE*8005575087~PER*BL*UMR EDI TEAM*EM*UMR-EDI-IT-TEAMDL@DS.UHC.COM~N1*PE*ORTHOTENNESSEE*XX*1760571673~N3*260 FORT SANDERS WEST BLVD STE 200~N4*KNOXVILLE*TN*37922~REF*TJ*621700130~LX*1~CLP*000109528629*1*12*0*4.7*12*24100431241*12*1~NM1*QC*1*TLASTNAME*TFIRSTNAME~NM1*IL*1*TLASTNAME*TFIRSTNAME****MI*217800569567~NM1*82*1*TLASTNAME*TFIRSTNAME****XX*1770552937~REF*1L*76411912~AMT*AU*7.3~SVC*HC:A4565:RT*12*0~DTM*472*20240328~CAS*CO*45*7.3~CAS*PR*227*4.7~REF*6R*CPE6OQDYNL0K~LQ*HE*N179~LX*2~CLP*000109540723*1*310*0*129.46*12*24104416878*12*1~NM1*QC*1*TLASTNAME*TFIRSTNAME~NM1*IL*1*LASTNAME*FIRSTNAME****MI*217800441016~NM1*82*1*TLASTNAME*TFIRSTNAME****XX*1164034013~REF*1L*76411912~AMT*AU*310~SVC*HC:L3809:RT*310*0~DTM*472*20240405~CAS*CO*45*180.54~CAS*PR*1*129.46~REF*6R*CPFI8LGV4Z0N~AMT*B6*129.46~SE*42*0001~GE*1*39493~IEA*1*000039493~